<record><leader>00000cas a2200000 a 4500</leader><controlfield tag="001">11896235</controlfield><controlfield tag="008">850409d190719uunyudn ne      0    0eng c</controlfield><datafield ind1=" " ind2=" " tag="010"><subfield code="a">sn 85054444 </subfield></datafield><datafield ind1=" " ind2=" " tag="040"><subfield code="a">NYG</subfield><subfield code="b">eng</subfield><subfield code="c">NYG</subfield><subfield code="d">NYS</subfield><subfield code="d">OCLCQ</subfield><subfield code="d">NYS</subfield><subfield code="d">OCLCQ</subfield><subfield code="d">OCLCF</subfield><subfield code="d">OCLCO</subfield></datafield><datafield ind1="1" ind2=" " tag="029"><subfield code="a">AU@</subfield><subfield code="b">000020372190</subfield></datafield><datafield ind1=" " ind2=" " tag="042"><subfield code="a">pcc</subfield></datafield><datafield ind1=" " ind2=" " tag="043"><subfield code="a">n-us-ny</subfield></datafield><datafield ind1="0" ind2="0" tag="245"><subfield code="a">Yonkers daily news.</subfield></datafield><datafield ind1=" " ind2=" " tag="260"><subfield code="a">Yonkers, N.Y. :</subfield><subfield code="b">Nepperhan Print. and Pub. Co.</subfield></datafield><datafield ind1=" " ind2=" " tag="300"><subfield code="a">v. :</subfield><subfield code="b">ill. ;</subfield><subfield code="c">57 cm.</subfield></datafield><datafield ind1=" " ind2=" " tag="310"><subfield code="a">Daily (except Sunday and holidays)</subfield></datafield><datafield ind1="1" ind2=" " tag="362"><subfield code="a">Began in 1907.</subfield><subfield code="z">Cf. Ayer, 1918.</subfield></datafield><datafield ind1="0" ind2=" " tag="362"><subfield code="a">-(Oct. 3, 1921)</subfield><subfield code="z">Cf. Griffin, E.F. Westchester County and Its People.</subfield></datafield><datafield ind1=" " ind2=" " tag="580"><subfield code="a">Merged with: Yonkers statesman (Yonkers, N.Y. : 1883) to form: Statesman and news.</subfield></datafield><datafield ind1=" " ind2=" " tag="588"><subfield code="a">Description based on: Vol. 12, no. 223 (Jan. 22, 1919). Latest issue consulted: Apr. 2, 1919.</subfield></datafield><datafield ind1=" " ind2="0" tag="651"><subfield code="a">Yonkers (N.Y.)</subfield><subfield code="v">Newspapers.</subfield></datafield><datafield ind1=" " ind2="0" tag="651"><subfield code="a">Westchester County (N.Y.)</subfield><subfield code="v">Newspapers.</subfield></datafield><datafield ind1=" " ind2="7" tag="655"><subfield code="a">Newspapers.</subfield><subfield code="2">fast</subfield><subfield code="0">(OCoLC)fst01423814</subfield></datafield><datafield ind1=" " ind2="7" tag="651"><subfield code="a">New York (State)</subfield><subfield code="z">Westchester County.</subfield><subfield code="2">fast</subfield><subfield code="0">(OCoLC)fst01202684</subfield></datafield><datafield ind1=" " ind2="7" tag="651"><subfield code="a">New York (State)</subfield><subfield code="z">Yonkers.</subfield><subfield code="2">fast</subfield><subfield code="0">(OCoLC)fst01215788</subfield></datafield><datafield ind1=" " ind2=" " tag="752"><subfield code="a">United States</subfield><subfield code="b">New York</subfield><subfield code="c">Westchester</subfield><subfield code="d">Yonkers.</subfield></datafield><datafield ind1="1" ind2="7" tag="785"><subfield code="t">Yonkers statesman (Yonkers, N.Y. : 1883)</subfield><subfield code="w">(DLC)sn 91063288</subfield><subfield code="w">(OCoLC)24498329</subfield></datafield><datafield ind1="1" ind2="7" tag="785"><subfield code="t">Statesman and news</subfield><subfield code="w">(DLC)sn 92061534</subfield><subfield code="w">(OCoLC)25564207</subfield></datafield></record>